<?xml version="1.0" encoding="UTF-8"?><collection xmlns="http://www.loc.gov/MARC21/slim"><record><leader>00487nam--2200181-i-4500</leader><controlfield tag="001">000026364</controlfield><controlfield tag="002">20161230</controlfield><controlfield tag="005">20161230201036</controlfield><controlfield tag="008">060222s1000------------r-----000-0-eng-d</controlfield><datafield ind1=" " ind2=" " tag="040"><subfield code="a">IFIN-HH</subfield></datafield><datafield ind1=" " ind2=" " tag="080"><subfield code="a">538.915</subfield></datafield><datafield ind1="1" ind2=" " tag="100"><subfield code="a">Yastrebov, L.I</subfield></datafield><datafield ind1="1" ind2="0" tag="245"><subfield code="a">Foundations of one-electron theory of solids</subfield><subfield code="c">L.i. yastrebov, a.a. katsnelson</subfield></datafield><datafield ind1=" " ind2=" " tag="260"><subfield code="a">Moscow</subfield><subfield code="b">Mir Publishers</subfield><subfield code="c">1987</subfield></datafield><datafield ind1=" " ind2=" " tag="300"><subfield code="a">336P</subfield></datafield><datafield ind1="1" ind2=" " tag="700"><subfield code="a">Katsnelson, A.A</subfield></datafield><datafield ind1=" " ind2=" " tag="852"><subfield code="a">74918</subfield><subfield code="c">539.2</subfield></datafield><datafield ind1=" " ind2=" " tag="CAT"><subfield code="a">Sys</subfield><subfield code="c">20121112</subfield><subfield code="h">161813</subfield></datafield></record></collection>